<record><leader>00000cas a22000007a 4500</leader><controlfield tag="001">11957451</controlfield><controlfield tag="008">850424d19711973utuwr ne     l0    0eng d</controlfield><datafield ind1=" " ind2=" " tag="010"><subfield code="a">sn 85058119 </subfield></datafield><datafield ind1=" " ind2=" " tag="040"><subfield code="a">UNP</subfield><subfield code="b">eng</subfield><subfield code="c">UNP</subfield><subfield code="d">NST</subfield><subfield code="d">OCLCQ</subfield></datafield><datafield ind1=" " ind2=" " tag="012"><subfield code="i">9001</subfield></datafield><datafield ind1="0" ind2=" " tag="041"><subfield code="a">engspa</subfield></datafield><datafield ind1=" " ind2=" " tag="042"><subfield code="a">msc</subfield></datafield><datafield ind1="0" ind2="0" tag="245"><subfield code="a">Salt Lake model neighborhood news.</subfield></datafield><datafield ind1="3" ind2="0" tag="246"><subfield code="a">Model neighborhood news</subfield></datafield><datafield ind1=" " ind2=" " tag="260"><subfield code="a">Salt Lake City, Utah :</subfield><subfield code="b">Communications Service Center,</subfield><subfield code="c">-1973.</subfield></datafield><datafield ind1=" " ind2=" " tag="300"><subfield code="a">v. :</subfield><subfield code="b">ill. ;</subfield><subfield code="c">42 cm.</subfield></datafield><datafield ind1=" " ind2=" " tag="310"><subfield code="a">Weekly</subfield></datafield><datafield ind1="1" ind2=" " tag="362"><subfield code="a">Began in 1971.</subfield></datafield><datafield ind1="0" ind2=" " tag="362"><subfield code="a">-v. 2, no. 28 (Mar. 15, 1973).</subfield></datafield><datafield ind1=" " ind2=" " tag="546"><subfield code="a">In English and Spanish, &lt;-May 20, 1971&gt;.</subfield></datafield><datafield ind1=" " ind2=" " tag="550"><subfield code="a">Published under the direction of the Joint Board of City and County Commissioners.</subfield></datafield><datafield ind1="2" ind2=" " tag="710"><subfield code="a">Joint Board of City and County Commissioners (Utah)</subfield></datafield><datafield ind1=" " ind2=" " tag="752"><subfield code="a">United States</subfield><subfield code="b">Utah</subfield><subfield code="c">Salt Lake</subfield><subfield code="d">Salt Lake City.</subfield></datafield><datafield ind1="0" ind2="0" tag="785"><subfield code="t">Salt Lake neighborhood news</subfield><subfield code="w">(DLC)sn 85058121</subfield><subfield code="w">(OCoLC)11957484</subfield></datafield><datafield ind1=" " ind2=" " tag="850"><subfield code="a">KU-S</subfield></datafield><datafield ind1="1" ind2=" " tag="029"><subfield code="a">AU@</subfield><subfield code="b">000025806116</subfield></datafield></record>